<?xml version="1.0" encoding="UTF-8"?><collection xmlns="http://www.loc.gov/MARC21/slim"><record><leader>00426nam--2200133-i-4500</leader><controlfield tag="001">000030058</controlfield><controlfield tag="002">20161230</controlfield><controlfield tag="005">20161230201038</controlfield><controlfield tag="008">060222s1000------------r-----000-0-eng-d</controlfield><datafield ind1=" " ind2=" " tag="080"><subfield code="a">530.145:539.12:531.19(043)</subfield></datafield><datafield ind1=" " ind2=" " tag="100"><subfield code="a">Luck, Jean-marc</subfield></datafield><datafield ind1=" " ind2=" " tag="245"><subfield code="a">La transition de rugosite et ses applications a la theorie des champs de jauge sur les reseauc. these</subfield></datafield><datafield ind1=" " ind2=" " tag="260"><subfield code="a">Paris, Univ.Pierre Et Marie Curie, 1981, 122p</subfield></datafield><datafield ind1=" " ind2=" " tag="852"><subfield code="a">71042</subfield></datafield></record></collection>